<?xml version="1.0" encoding="UTF-8" ?>
<collection xmlns:xsi="http://www.w3.org/2001/XMLSchema-instance"
    xsi:schemaLocation="http://www.loc.gov/MARC21/slim
        http://www.loc.gov/standards/marcxml/schema/MARC21slim.xsd"
    xmlns="http://www.loc.gov/MARC21/slim">
<record>
  <leader>00247cam a2200469 i 4500</leader>
  <controlfield tag="001">b12866374</controlfield>
  <controlfield tag="003">LeBAU</controlfield>
  <controlfield tag="005">20180115</controlfield>
  <controlfield tag="008">990223s1953    le            ||0 1 ara d</controlfield>
  <datafield tag="035" ind1=" " ind2=" ">
    <subfield code="a">ocn784525188</subfield>
  </datafield>
  <datafield tag="040" ind1=" " ind2=" ">
    <subfield code="a">LEAUB</subfield>
    <subfield code="b">ara</subfield>
    <subfield code="e">rda</subfield>
    <subfield code="c">LEAUB</subfield>
    <subfield code="d">LEAUB</subfield>
  </datafield>
  <datafield tag="041" ind1="1" ind2=" ">
    <subfield code="a">ara</subfield>
    <subfield code="h">eng</subfield>
  </datafield>
  <datafield tag="082" ind1="0" ind2="4">
    <subfield code="a">892.78</subfield>
    <subfield code="2">22</subfield>
  </datafield>
  <datafield tag="100" ind1="1" ind2=" ">
    <subfield code="6">880-01</subfield>
    <subfield code="a">Gibran, Kahlil,</subfield>
    <subfield code="d">1883-1931,</subfield>
    <subfield code="e">author.</subfield>
  </datafield>
  <datafield tag="240" ind1="1" ind2="0">
    <subfield code="a">Jesus the Son of man.</subfield>
    <subfield code="l">Arabic</subfield>
  </datafield>
  <datafield tag="245" ind1="1" ind2="0">
    <subfield code="6">880-02</subfield>
    <subfield code="a">Yasūʻ ibn al-insān /</subfield>
    <subfield code="c">Jubrān Khalīl Jubrān ; naqalahu ilá al-‘Arabīyah al-Arishmandarīt Anṭūniyūs Bashīr.</subfield>
  </datafield>
  <datafield tag="264" ind1=" " ind2="1">
    <subfield code="6">880-03</subfield>
    <subfield code="a">Bayrūt :</subfield>
    <subfield code="b">Maktabat Ṣādir،</subfield>
    <subfield code="c">[1953]</subfield>
  </datafield>
  <datafield tag="300" ind1=" " ind2=" ">
    <subfield code="6">880-04</subfield>
    <subfield code="a">232 pages ;</subfield>
    <subfield code="c">19 cm</subfield>
  </datafield>
  <datafield tag="336" ind1=" " ind2=" ">
    <subfield code="a">text</subfield>
    <subfield code="b">txt</subfield>
    <subfield code="2">rdacontent</subfield>
  </datafield>
  <datafield tag="337" ind1=" " ind2=" ">
    <subfield code="a">unmediated</subfield>
    <subfield code="b">n</subfield>
    <subfield code="2">rdamedia</subfield>
  </datafield>
  <datafield tag="338" ind1=" " ind2=" ">
    <subfield code="a">volume</subfield>
    <subfield code="b">nc</subfield>
    <subfield code="2">rdacarrier</subfield>
  </datafield>
  <datafield tag="600" ind1="1" ind2="4">
    <subfield code="a">يسوع المسيح</subfield>
    <subfield code="v">قصة.</subfield>
  </datafield>
  <datafield tag="600" ind1="1" ind2="0">
    <subfield code="a">Jesus Christ</subfield>
    <subfield code="v">Fiction.</subfield>
  </datafield>
  <datafield tag="630" ind1="2" ind2="4">
    <subfield code="a">الكتاب المقدس.</subfield>
    <subfield code="p">العهد الجديد</subfield>
    <subfield code="x">تاريخ الحوادث التوراتية</subfield>
    <subfield code="v">قصة.</subfield>
  </datafield>
  <datafield tag="630" ind1="0" ind2="0">
    <subfield code="a">Bible.</subfield>
    <subfield code="p">New Testament</subfield>
    <subfield code="x">History of Biblical events</subfield>
    <subfield code="v">Fiction.</subfield>
  </datafield>
  <datafield tag="655" ind1=" " ind2="0">
    <subfield code="a">قصص.</subfield>
  </datafield>
  <datafield tag="655" ind1=" " ind2="0">
    <subfield code="a">Fiction.</subfield>
  </datafield>
  <datafield tag="700" ind1="1" ind2=" ">
    <subfield code="6">880-05</subfield>
    <subfield code="a">Bashīr, Anṭūniyūs,</subfield>
    <subfield code="e">translator.</subfield>
  </datafield>
  <datafield tag="765" ind1="0" ind2=" ">
    <subfield code="6">880-06</subfield>
    <subfield code="i">is translation of</subfield>
    <subfield code="4">http://rdaregistry.info/Elements/e/P20141:</subfield>
    <subfield code="t">Jesus the Son of Man : His words and His deeds as told and recorded by those who knew Him.</subfield>
    <subfield code="d">New York : Alfred A. Knopf, 1928, repr. 1943</subfield>
    <subfield code="w">(OCoLC)785058788</subfield>
    <subfield code="w">(OCoLC)785058788</subfield>
  </datafield>
  <datafield tag="775" ind1="0" ind2=" ">
    <subfield code="6">880-07</subfield>
    <subfield code="i">has designation of edition</subfield>
    <subfield code="4">http://rdaregistry.info/Elements/m/P30133:</subfield>
    <subfield code="t">Yasūʻ ibn al-insān : aqwāluhu wa-af‘āluhu kamā akhbarahā wa-dawwanahā alladhīna ʻarafūh.</subfield>
    <subfield code="b">al-Ṭab‘ah al-ūlá.</subfield>
    <subfield code="d">Miṣr : al-Maṭbaʻah al-ʻAṣrīyah، 1932</subfield>
    <subfield code="w">(OCoLC)784182017</subfield>
    <subfield code="w">(OCoLC)784182017</subfield>
  </datafield>
  <datafield tag="852" ind1=" " ind2=" ">
    <subfield code="a">Jafet Library</subfield>
    <subfield code="e">American University of Beirut, Bliss Street , Beirut, Lebanon.</subfield>
  </datafield>
  <datafield tag="880" ind1="1" ind2=" ">
    <subfield code="6">100-01/(3/r</subfield>
    <subfield code="a">جبران، خليل،</subfield>
    <subfield code="d">1883-1931،</subfield>
    <subfield code="e">مؤلف. </subfield>
    <subfield code="4">aut.</subfield>
  </datafield>
  <datafield tag="880" ind1="1" ind2="0">
    <subfield code="6">245-02/(3/r</subfield>
    <subfield code="a">يسوع إبن الإنسان /</subfield>
    <subfield code="c">جبران خليل جبران ؛ نقله إلى العربية الأرشمنديت أنطونيوس بشير.</subfield>
  </datafield>
  <datafield tag="880" ind1=" " ind2="1">
    <subfield code="6">264-03/(3/r</subfield>
    <subfield code="a">بيروت :</subfield>
    <subfield code="b">مكتبة صادر،</subfield>
    <subfield code="c">[1953]</subfield>
  </datafield>
  <datafield tag="880" ind1=" " ind2=" ">
    <subfield code="6">300-04/(3/r</subfield>
    <subfield code="a">232 صفحة ؛</subfield>
    <subfield code="c">19 سم</subfield>
  </datafield>
  <datafield tag="880" ind1="1" ind2=" ">
    <subfield code="6">700-05/(3/r</subfield>
    <subfield code="a">بشير، انطونيوس،</subfield>
    <subfield code="e">مترجم. </subfield>
    <subfield code="4">trl.</subfield>
  </datafield>
  <datafield tag="880" ind1="0" ind2=" ">
    <subfield code="6">765-06/(3/r</subfield>
    <subfield code="i">ترجمة كتاب</subfield>
    <subfield code="4">http://rdaregistry.info/Elements/e/P20141:</subfield>
    <subfield code="t">Jesus the Son of Man : His words and His deeds as told and recorded by those who knew Him.</subfield>
    <subfield code="d">New York : Alfred A. Knopf, 1928, repr. 1943</subfield>
    <subfield code="w">b10478826</subfield>
    <subfield code="w">(OCoLC)785058788</subfield>
  </datafield>
  <datafield tag="880" ind1="0" ind2=" ">
    <subfield code="6">775-07/(3/r</subfield>
    <subfield code="i">دلالة على الطبعة</subfield>
    <subfield code="4">http://rdaregistry.info/Elements/m/P30133:</subfield>
    <subfield code="t">يسوع إبن الإنسان : اقواله وافعاله كما اخبرها ودونها الذين عرفوه.</subfield>
    <subfield code="b">الطبعة الأولى.</subfield>
    <subfield code="d">مصر : المطبعة العصرية، 1932</subfield>
    <subfield code="w">b12311509</subfield>
    <subfield code="w">(OCoLC)784182017</subfield>
  </datafield>
  <datafield tag="907" ind1=" " ind2=" ">
    <subfield code="a">.b12866374</subfield>
    <subfield code="b">18-01-17</subfield>
    <subfield code="c">11-05-24</subfield>
  </datafield>
  <datafield tag="907" ind1=" " ind2=" ">
    <subfield code="a">.b12866374</subfield>
    <subfield code="b">15-10-15</subfield>
    <subfield code="c">11-05-24</subfield>
  </datafield>
  <datafield tag="945" ind1=" " ind2=" ">
    <subfield code="f">J</subfield>
    <subfield code="a">892.78:G447jA:1953:c.1</subfield>
    <subfield code="g">1</subfield>
    <subfield code="i">01000524</subfield>
    <subfield code="j">.i13472835</subfield>
    <subfield code="l">u0503</subfield>
  </datafield>
  <datafield tag="998" ind1=" " ind2=" ">
    <subfield code="a">u05</subfield>
    <subfield code="b">99-02-23</subfield>
    <subfield code="c">m</subfield>
    <subfield code="d">a</subfield>
    <subfield code="e">-</subfield>
    <subfield code="f">ara</subfield>
    <subfield code="g">le </subfield>
    <subfield code="h">0</subfield>
    <subfield code="i">1</subfield>
  </datafield>
</record>
</collection>
